@article{MEAN_STACK,
	title={Simplifying Web Application Development Using - Mean Stack Technologies},
	author={Bakwa D. Dunka, Edim A. Emmanuel, Dantala O. Oyerinde},
	volume={04},
	journal={International Journal of Latest Research in Engineering and Technology},
	pages={70--74},
	year={2018},
	url={https://www.researchgate.net/publication/322821888_Simplifying_Web_Application_Development_Using-Mean_Stack_Technologies}
}